<?xml version="1.0"?>
<zs:searchRetrieveResponse xmlns:zs="http://www.loc.gov/zing/srw/"><zs:version>1.1</zs:version><zs:numberOfRecords>10199</zs:numberOfRecords><zs:records><zs:record><zs:recordSchema>info:srw/schema/1/marcxml-v1.1</zs:recordSchema><zs:recordPacking>xml</zs:recordPacking><zs:recordData><record xmlns="http://www.loc.gov/MARC21/slim">
  <leader>01427njm a2200409 a 4500</leader>
  <controlfield tag="001">002145842</controlfield>
  <controlfield tag="004">ALL8079</controlfield>
  <controlfield tag="005">20131221201825.0</controlfield>
  <controlfield tag="007">se immsnnmwhna</controlfield>
  <controlfield tag="007">cr|nn||||a|ump</controlfield>
  <controlfield tag="008">990422s1911    njuopn g            fre d</controlfield>
  <datafield tag="028" ind1="0" ind2="0">
    <subfield code="a">40042</subfield>
    <subfield code="b">Edison Amberol</subfield>
  </datafield>
  <datafield tag="035" ind1=" " ind2=" ">
    <subfield code="a">(OCoLC)ocm41231054</subfield>
  </datafield>
  <datafield tag="035" ind1="9" ind2=" ">
    <subfield code="a">ALL8079</subfield>
    <subfield code="b">MA</subfield>
  </datafield>
  <datafield tag="040" ind1=" " ind2=" ">
    <subfield code="a">SYB</subfield>
    <subfield code="c">SYB</subfield>
    <subfield code="d">CU-SB</subfield>
  </datafield>
  <datafield tag="100" ind1="1" ind2=" ">
    <subfield code="a">Massenet, Jules,</subfield>
    <subfield code="d">1842-1912.</subfield>
  </datafield>
  <datafield tag="240" ind1="1" ind2="0">
    <subfield code="a">Manon.</subfield>
    <subfield code="p">En fermant les yeux je vois</subfield>
  </datafield>
  <datafield tag="245" ind1="1" ind2="0">
    <subfield code="a">Manon</subfield>
    <subfield code="h">[sound recording].</subfield>
    <subfield code="p">Le r&#x2976;e /</subfield>
    <subfield code="c">Massenet.</subfield>
  </datafield>
  <datafield tag="260" ind1=" " ind2=" ">
    <subfield code="a">Orange, N.J. :</subfield>
    <subfield code="b">Edison,</subfield>
    <subfield code="c">[1911].</subfield>
  </datafield>
  <datafield tag="300" ind1=" " ind2=" ">
    <subfield code="a">1 cylinder (ca. 4 min.) :</subfield>
    <subfield code="b">160 rpm ;</subfield>
    <subfield code="c">2 1/4 x 4 in.</subfield>
  </datafield>
  <datafield tag="561" ind1=" " ind2=" ">
    <subfield code="a">Todd collection.</subfield>
    <subfield code="5">CU-SB</subfield>
  </datafield>
  <datafield tag="500" ind1=" " ind2=" ">
    <subfield code="a">English title: The Dream.</subfield>
  </datafield>
  <datafield tag="500" ind1=" " ind2=" ">
    <subfield code="a">Year of release from "The Edison Phonograph Monthly," v.9 (1911).</subfield>
  </datafield>
  <datafield tag="500" ind1=" " ind2=" ">
    <subfield code="a">Edison Grand Opera Amberol Record.</subfield>
  </datafield>
  <datafield tag="500" ind1=" " ind2=" ">
    <subfield code="a">Edison Amberol: 40042.</subfield>
  </datafield>
  <datafield tag="511" ind1="0" ind2=" ">
    <subfield code="a">Karl J&#x8BF2;n.</subfield>
  </datafield>
  <datafield tag="520" ind1="8" ind2=" ">
    <subfield code="a">Tenor solo in French with orchestra accompaniment.</subfield>
  </datafield>
  <datafield tag="530" ind1=" " ind2=" ">
    <subfield code="a">Also available online via the Internet.</subfield>
  </datafield>
  <datafield tag="650" ind1=" " ind2="0">
    <subfield code="a">Operas</subfield>
    <subfield code="v">Excerpts.</subfield>
  </datafield>
  <datafield tag="700" ind1="1" ind2=" ">
    <subfield code="a">J&#x8BF2;n, Karl.</subfield>
    <subfield code="4">voc</subfield>
  </datafield>
  <datafield tag="740" ind1="3" ind2=" ">
    <subfield code="a">Le r&#x2976;e.</subfield>
  </datafield>
  <datafield tag="856" ind1="4" ind2="1">
    <subfield code="3">Audio files:</subfield>
    <subfield code="u">http://www.library.ucsb.edu/OBJID/Cylinder0003</subfield>
  </datafield>
  <datafield tag="852" ind1="4" ind2="0">
    <subfield code="a">CU-SB</subfield>
    <subfield code="b">MAIN</subfield>
    <subfield code="c">SPPA</subfield>
    <subfield code="j">Cylinder 0003</subfield>
    <subfield code="n">us</subfield>
    <subfield code="x">cnh 01/28/02 item</subfield>
    <subfield code="9">1</subfield>
    <subfield code="4">Main Library</subfield>
    <subfield code="5">Special Coll., Performing Arts</subfield>
  </datafield>
  <datafield tag="940" ind1=" " ind2=" ">
    <subfield code="a">OCLC</subfield>
  </datafield>
  <datafield tag="945" ind1=" " ind2=" ">
    <subfield code="d">01/26/00</subfield>
    <subfield code="n">dcs 2/2/00 cat</subfield>
  </datafield>
  <datafield tag="948" ind1=" " ind2=" ">
    <subfield code="a">LTI 12/16/2013</subfield>
  </datafield>
  <datafield tag="049" ind1=" " ind2=" ">
    <subfield code="a">CUTM</subfield>
  </datafield>
</record></zs:recordData><zs:recordPosition>7</zs:recordPosition></zs:record>